<?xml version="1.0" encoding="UTF-8"?><record xmlns="http://www.loc.gov/MARC21/slim" xmlns:cinclude="http://apache.org/cocoon/include/1.0" xmlns:zs="http://www.loc.gov/zing/srw/">
  <leader>00570cz  a2200133n  4500</leader>
  <controlfield tag="001">n  90638168 </controlfield>
  <controlfield tag="003">DLC</controlfield>
  <controlfield tag="005">19900606160501.9</controlfield>
  <controlfield tag="008">900430n| acannaab|          |a aaa |||  </controlfield>
  <datafield tag="010" ind1=" " ind2=" ">
    <subfield code="a">n  90638168 </subfield>
  </datafield>
  <datafield tag="040" ind1=" " ind2=" ">
    <subfield code="a">DLC</subfield>
    <subfield code="c">DLC</subfield>
    <subfield code="d">DLC</subfield>
  </datafield>
  <datafield tag="100" ind1="1" ind2="0">
    <subfield code="a">Zimmer, W.</subfield>
    <subfield code="q">(Wolfgang),</subfield>
    <subfield code="d">1948-</subfield>
  </datafield>
  <datafield tag="400" ind1="1" ind2="0">
    <subfield code="a">Zimmer, Wolfgang,</subfield>
    <subfield code="d">1948-</subfield>
  </datafield>
  <datafield tag="670" ind1=" " ind2=" ">
    <subfield code="a">Progress in distributed operating systems and distributed systems management, c1990:</subfield>
    <subfield code="b">CIP t.p. (W. Zimmer) t.p. verso (Wolfgang Zimmer; GMD Research Center for Innovative Computer Systems and Technology at the Tech. Univ. of Berlin) data sheet (b. 08-25-48)</subfield>
  </datafield>
</record>